@article{martin1979multivariate,
	title={Multivariate analysis},
	author={Martin, Nick and Maes, Hermine},
	journal={London, UK: Academic},
	year={1979}
}

@inproceedings{sun2020learning,
	title={Learning relationships between text, audio, and video via deep canonical correlation for multimodal language analysis},
	author={Sun, Zhongkai and Sarma, Prathusha and Sethares, William and Liang, Yingyu},
	booktitle={Proceedings of the AAAI conference on artificial intelligence},
	volume={34},
	number={05},
	pages={8992--8999},
	year={2020}
}

@inproceedings{lan2020multimodal,
	title={Multimodal emotion recognition using deep generalized canonical correlation analysis with an attention mechanism},
	author={Lan, Yu-Ting and Liu, Wei and Lu, Bao-Liang},
	booktitle={2020 International Joint Conference on Neural Networks (IJCNN)},
	pages={1--6},
	year={2020},
	organization={IEEE}
}